@article{bengio2013representation,
	title={Representation learning: A review and new perspectives},
	author={Bengio, Yoshua and Courville, Aaron and Vincent, Pascal},
	journal={IEEE transactions on pattern analysis and machine intelligence},
	volume={35},
	number={8},
	pages={1798--1828},
	year={2013},
	publisher={IEEE}
}

@article{fabozzi2008portfolio,
	title={Portfolio selection},
	author={Fabozzi, Frank J and Markowitz, Harry M and Gupta, Francis},
	journal={Handbook of finance},
	volume={2},
	year={2008},
	publisher={Citeseer}
}

@article{li2014online,
	title={Online portfolio selection: A survey},
	author={Li, Bin and Hoi, Steven CH},
	journal={ACM Computing Surveys (CSUR)},
	volume={46},
	number={3},
	pages={1--36},
	year={2014},
	publisher={ACM New York, NY, USA}
}

@article{markowitz1952portfolio,
	title={Portfolio Selection, the journal of finance. 7 (1)},
	author={Markowitz, HM},
	journal={N},
	volume={1},
	pages={71--91},
	year={1952}
}

@article{markovitz1959portfolio,
	title={Portfolio selection: Efficient diversification of investments},
	author={Markovitz, Harry},
	journal={NY: John Wiley},
	year={1959}
}

@article{kelly1956new,
	title={A new interpretation of information rate},
	author={Kelly, John L},
	journal={the bell system technical journal},
	volume={35},
	number={4},
	pages={917--926},
	year={1956},
	publisher={Nokia Bell Labs}
}

@book{strachman2009fund,
	title={Fund of Funds Investing: A Roadmap to Portfolio Diversification},
	author={Strachman, Daniel A and Bookbinder, Richard S},
	volume={453},
	year={2009},
	publisher={John Wiley and Sons}
}

@article{thakkar2021fusion,
	title={Fusion in stock market prediction: a decade survey on the necessity, recent developments, and potential future directions},
	author={Thakkar, Ankit and Chaudhari, Kinjal},
	journal={Information Fusion},
	volume={65},
	pages={95--107},
	year={2021},
	publisher={Elsevier}
}

@article{zhang2018improving,
	title={Improving stock market prediction via heterogeneous information fusion},
	author={Zhang, Xi and Zhang, Yunjia and Wang, Senzhang and Yao, Yuntao and Fang, Binxing and Philip, S Yu},
	journal={Knowledge-Based Systems},
	volume={143},
	pages={236--247},
	year={2018},
	publisher={Elsevier}
}

@article{asadi4423354multi,
	title={Multi-Level Graph Neural Network for Information Fusion in Learning Stock Market Dynamics},
	author={Asadi, Ahmad and Safabakhsh, Reza},
	journal={Available at SSRN 4423354},
	year={2023}
	
}

@article{liu2023multi,
	title={Multi-type data fusion framework based on deep reinforcement learning for algorithmic trading},
	author={Liu, Peipei and Zhang, Yunfeng and Bao, Fangxun and Yao, Xunxiang and Zhang, Caiming},
	journal={Applied Intelligence},
	volume={53},
	number={2},
	pages={1683--1706},
	year={2023},
	publisher={Springer}
}

@article{li2020using,
	title={Using body sensor network to measure the effect of rehabilitation therapy on improvement of lower limb motor function in children with spastic diplegia},
	author={Li, Jie and Wang, Zhelong and Qiu, Sen and Zhao, Hongyu and Wang, Qiong and Plettemeier, Dirk and Liang, Bing and Shi, Xin},
	journal={IEEE Transactions on Instrumentation and Measurement},
	volume={69},
	number={11},
	pages={9215--9227},
	year={2020},
	publisher={IEEE}
}

@incollection{gomber2015high,
	title={High frequency trading},
	author={Gomber, Peter and Haferkorn, Martin},
	booktitle={Encyclopedia of Information Science and Technology, Third Edition},
	pages={1--9},
	year={2015},
	publisher={IGI Global}
}

@article{chen2018profitability,
	title={Profitability of simple stationary technical trading rules with high-frequency data of Chinese Index Futures},
	author={Chen, Jing-Chao and Zhou, Yu and Wang, Xi},
	journal={Physica A: Statistical Mechanics and its Applications},
	volume={492},
	pages={1664--1678},
	year={2018},
	publisher={Elsevier}
}

@article{li2012pamr,
	title={PAMR: Passive aggressive mean reversion strategy for portfolio selection},
	author={Li, Bin and Zhao, Peilin and Hoi, Steven CH and Gopalkrishnan, Vivekanand},
	journal={Machine learning},
	volume={87},
	pages={221--258},
	year={2012},
	publisher={Springer}
}

@article{ayala2021technical,
	title={Technical analysis strategy optimization using a machine learning approach in stock market indices},
	author={Ayala, Jordan and Garc{\'\i}a-Torres, Miguel and Noguera, Jos{\'e} Luis V{\'a}zquez and G{\'o}mez-Vela, Francisco and Divina, Federico},
	journal={Knowledge-Based Systems},
	volume={225},
	pages={107119},
	year={2021},
	publisher={Elsevier}
}

@article{agrawal2022stock,
	title={Stock Prediction Based on Technical Indicators Using Deep Learning Model.},
	author={Agrawal, Manish and Shukla, Piyush Kumar and Nair, Rajit and Nayyar, Anand and Masud, Mehedi},
	journal={Computers, Materials \& Continua},
	volume={70},
	number={1},
	year={2022}
}

@article{taghian2022learning,
	title={Learning financial asset-specific trading rules via deep reinforcement learning},
	author={Taghian, Mehran and Asadi, Ahmad and Safabakhsh, Reza},
	journal={Expert Systems with Applications},
	volume={195},
	pages={116523},
	year={2022},
	publisher={Elsevier}
}

@article{taghian2021reinforcement,
	title={A reinforcement learning based encoder-decoder framework for learning stock trading rules},
	author={Taghian, Mehran and Asadi, Ahmad and Safabakhsh, Reza},
	journal={arXiv preprint arXiv:2101.03867},
	year={2021}
}

@article{pennanen2012introduction,
	title={Introduction to convex optimization in financial markets},
	author={Pennanen, Teemu},
	journal={Mathematical programming},
	volume={134},
	pages={157--186},
	year={2012},
	publisher={Springer}
}

@article{hu2017large,
	title={Large-scale multimodality attribute reduction with multi-kernel fuzzy rough sets},
	author={Hu, Qinghua and Zhang, Lingjun and Zhou, Yucan and Pedrycz, Witold},
	journal={IEEE Transactions on Fuzzy Systems},
	volume={26},
	number={1},
	pages={226--238},
	year={2017},
	publisher={IEEE}
}

@article{carta2021multi,
	title={A multi-layer and multi-ensemble stock trader using deep learning and deep reinforcement learning},
	author={Carta, Salvatore and Corriga, Andrea and Ferreira, Anselmo and Podda, Alessandro Sebastian and Recupero, Diego Reforgiato},
	journal={Applied Intelligence},
	volume={51},
	pages={889--905},
	year={2021},
	publisher={Springer}
}

@article{zhao2022stock,
	title={Stock movement prediction based on bi-typed hybrid-relational market knowledge graph via dual attention networks},
	author={Zhao, Yu and Du, Huaming and Liu, Ying and Wei, Shaopeng and Chen, Xingyan and Zhuang, Fuzhen and Li, Qing and Kou, Gang},
	journal={IEEE Transactions on Knowledge and Data Engineering},
	year={2022},
	publisher={IEEE}
}

@phdthesis{gullotto2021portfolio,
	title={Portfolio management and Deep learning: Reinforcement learning and Transformer applied to stock market data},
	author={Gullotto, Marco},
	year={2021},
	school={Politecnico di Torino}
}

@inproceedings{kisiel2022portfolio,
	title={Portfolio transformer for attention-based asset allocation},
	author={Kisiel, Damian and Gorse, Denise},
	booktitle={International Conference on Artificial Intelligence and Soft Computing},
	pages={61--71},
	year={2022},
	organization={Springer}
}

@article{liu2023revolutionising,
	title={Revolutionising Financial Portfolio Management: The Non-Stationary Transformerâ€™s Fusion of Macroeconomic Indicators and Sentiment Analysis in a Deep Reinforcement Learning Framework},
	author={Liu, Yuchen and Mikriukov, Daniil and Tjahyadi, Owen Christopher and Li, Gangmin and Payne, Terry R and Yue, Yong and Siddique, Kamran and Man, Ka Lok},
	journal={Applied Sciences},
	volume={14},
	number={1},
	pages={274},
	year={2023},
	publisher={MDPI}
}

@article{du2022mean,
	title={Mean--variance portfolio optimization with deep learning based-forecasts for cointegrated stocks},
	author={Du, Juan},
	journal={Expert Systems with Applications},
	volume={201},
	pages={117005},
	year={2022},
	publisher={Elsevier}
}

@article{lin2022multiagent,
	title={Multiagent-based deep reinforcement learning for risk-shifting portfolio management},
	author={Lin, Yu-Cen and Chen, Chiao-Ting and Sang, Chuan-Yun and Huang, Szu-Hao},
	journal={Applied Soft Computing},
	volume={123},
	pages={108894},
	year={2022},
	publisher={Elsevier}
}

@inproceedings{syu2020portfolio,
	title={Portfolio management system with reinforcement learning},
	author={Syu, Jia-Hao and Wu, Mu-En and Ho, Jan-Ming},
	booktitle={2020 IEEE International Conference on Systems, Man, and Cybernetics (SMC)},
	pages={4146--4151},
	year={2020},
	organization={IEEE}
}

@article{sharpe1998sharpe,
	title={The sharpe ratio},
	author={Sharpe, William F},
	journal={Streetwise--the Best of the Journal of Portfolio Management},
	volume={3},
	pages={169--185},
	year={1998},
	publisher={Princeton University Press NJ}
}

@article{hao2023stock,
	title={Stock portfolio management by using fuzzy ensemble deep reinforcement learning algorithm},
	author={Hao, Zheng and Zhang, Haowei and Zhang, Yipu},
	journal={Journal of Risk and Financial Management},
	volume={16},
	number={3},
	pages={201},
	year={2023},
	publisher={MDPI}
}

@article{abdar2021review,
	title={A review of uncertainty quantification in deep learning: Techniques, applications and challenges},
	author={Abdar, Moloud and Pourpanah, Farhad and Hussain, Sadiq and Rezazadegan, Dana and Liu, Li and Ghavamzadeh, Mohammad and Fieguth, Paul and Cao, Xiaochun and Khosravi, Abbas and Acharya, U Rajendra and others},
	journal={Information fusion},
	volume={76},
	pages={243--297},
	year={2021},
	publisher={Elsevier}
}

@article{abdulsahib2024cross,
	title={Cross-Domain Disentanglement: A Novel Approach to Financial Market Prediction},
	author={Abdulsahib, Humam M and Ghaderi, Foad},
	journal={IEEE Access},
	year={2024},
	publisher={IEEE}
}

@article{abdulsahib2023glad,
	title={GLAD: Global--Local Approach; Disentanglement Learning for Financial Market Prediction},
	author={Abdulsahib, Humam M and Ghaderi, Foad and others},
	journal={IET Signal Processing},
	volume={2023},
	year={2023},
	publisher={Hindawi}
}

@article{duan2019unsupervised,
	title={Unsupervised model selection for variational disentangled representation learning},
	author={Duan, Sunny and Matthey, Loic and Saraiva, Andre and Watters, Nicholas and Burgess, Christopher P and Lerchner, Alexander and Higgins, Irina},
	journal={arXiv preprint arXiv:1905.12614},
	year={2019}
}

@inproceedings{li2022towards,
	title={Towards learning disentangled representations for time series},
	author={Li, Yuening and Chen, Zhengzhang and Zha, Daochen and Du, Mengnan and Ni, Jingchao and Zhang, Denghui and Chen, Haifeng and Hu, Xia},
	booktitle={Proceedings of the 28th ACM SIGKDD Conference on Knowledge Discovery and Data Mining},
	pages={3270--3278},
	year={2022}
}

@article{li2021learning,
	title={Learning disentangled representations for time series},
	author={Li, Yuening and Chen, Zhengzhang and Zha, Daochen and Du, Mengnan and Zhang, Denghui and Chen, Haifeng and Hu, Xia},
	journal={arXiv preprint arXiv:2105.08179},
	year={2021}
}

@article{burgess2018understanding,
	title={Understanding disentangling in $\beta$-VAE},
	author={Burgess, Christopher P and Higgins, Irina and Pal, Arka and Matthey, Loic and Watters, Nick and Desjardins, Guillaume and Lerchner, Alexander},
	journal={arXiv preprint arXiv:1804.03599},
	year={2018}
}

@article{enow2023investigating,
	title={Investigating mean reversion in financial markets using Hurst Model},
	author={Enow, Samuel Tabot},
	journal={International Journal of Research in Business and Social Science (2147-4478)},
	volume={12},
	number={6},
	pages={197--201},
	year={2023}
}

@article{corbet2020asymmetric,
	title={Asymmetric mean reversion of Bitcoin price returns},
	author={Corbet, Shaen and Katsiampa, Paraskevi},
	journal={International Review of Financial Analysis},
	volume={71},
	pages={101267},
	year={2020},
	publisher={Elsevier}
}


@inproceedings{sun2022deepscalper,
	title={DeepScalper: A risk-aware reinforcement learning framework to capture fleeting intraday trading opportunities},
	author={Sun, Shuo and Xue, Wanqi and Wang, Rundong and He, Xu and Zhu, Junlei and Li, Jian and An, Bo},
	booktitle={Proceedings of the 31st ACM International Conference on Information \& Knowledge Management},
	pages={1858--1867},
	year={2022}
}

@inproceedings{qin2024earnhft,
	title={Earnhft: Efficient hierarchical reinforcement learning for high frequency trading},
	author={Qin, Molei and Sun, Shuo and Zhang, Wentao and Xia, Haochong and Wang, Xinrun and An, Bo},
	booktitle={Proceedings of the AAAI Conference on Artificial Intelligence},
	volume={38},
	number={13},
	pages={14669--14676},
	year={2024}
}

@inproceedings{zong2024macrohft,
	title={MacroHFT: Memory Augmented Context-aware Reinforcement Learning On High Frequency Trading},
	author={Zong, Chuqiao and Wang, Chaojie and Qin, Molei and Feng, Lei and Wang, Xinrun and An, Bo},
	booktitle={Proceedings of the 30th ACM SIGKDD Conference on Knowledge Discovery and Data Mining},
	pages={4712--4721},
	year={2024}
}

@inproceedings{fatemi2024finvision,
	title={FinVision: A Multi-Agent Framework for Stock Market Prediction},
	author={Fatemi, Sorouralsadat and Hu, Yuheng},
	booktitle={Proceedings of the 5th ACM International Conference on AI in Finance},
	pages={582--590},
	year={2024}
}

@article{asare2024deep,
	title={Deep Learning for High-Frequency Cryptocurrency Trend Detection: Incorporating Technical Indicators and A New Approach For Data Stationarity},
	author={Asare Nezhad, Ali and Kalhor, Ahmad and Nadjar Araabi, Babak},
	journal={Available at SSRN 4796336},
	year={2024}
}

@article{akyildirim2021prediction,
	title={Prediction of cryptocurrency returns using machine learning},
	author={Akyildirim, Erdinc and Goncu, Ahmet and Sensoy, Ahmet},
	journal={Annals of Operations Research},
	volume={297},
	pages={3--36},
	year={2021},
	publisher={Springer}
}

@inproceedings{ye2021predicting,
	title={Predicting Price Direction of Cryptocurrency Using Artificial Neural Networks},
	author={Ye, Wenbo},
	booktitle={2021 2nd International Conference on Computer Science and Management Technology (ICCSMT)},
	pages={205--209},
	year={2021},
	organization={IEEE}
}

@article{liu2021forecasting,
	title={Forecasting the price of Bitcoin using deep learning},
	author={Liu, Mingxi and Li, Guowen and Li, Jianping and Zhu, Xiaoqian and Yao, Yinhong},
	journal={Finance research letters},
	volume={40},
	pages={101755},
	year={2021},
	publisher={Elsevier}
}

@article{jay2020stochastic,
	title={Stochastic neural networks for cryptocurrency price prediction},
	author={Jay, Patel and Kalariya, Vasu and Parmar, Pushpendra and Tanwar, Sudeep and Kumar, Neeraj and Alazab, Mamoun},
	journal={Ieee access},
	volume={8},
	pages={82804--82818},
	year={2020},
	publisher={IEEE}
}

@article{otabek2024prediction,
	title={From prediction to profit: A comprehensive review of cryptocurrency trading strategies and price forecasting techniques},
	author={Otabek, Sattarov and Choi, Jaeyoung},
	journal={IEEE Access},
	year={2024},
	publisher={IEEE}
}


@article{garcia2024lstm,
	title={LSTM--GARCH hybrid model for the prediction of volatility in cryptocurrency portfolios},
	author={Garc{\'\i}a-Medina, Andr{\'e}s and Aguayo-Moreno, Ester},
	journal={Computational Economics},
	volume={63},
	number={4},
	pages={1511--1542},
	year={2024},
	publisher={Springer}
}

@inproceedings{kumar2024transformer,
	title={Transformer-based Reinforcement Learning Model for Optimized Quantitative Trading},
	author={Kumar, Aniket and Rizk, Rodrigue and Santosh, KC},
	booktitle={2024 IEEE Conference on Artificial Intelligence (CAI)},
	pages={1454--1455},
	year={2024},
	organization={IEEE}
}
